@article{demo,
    title={How to used latex},
    author={John Smith},
    journal={Journal of Latex},
    pages={1--50},
    volume={39},
    year={1977}
}